@misc{
common-lisp,
title={Welcome to Common-Lisp.net!},
url={https://common-lisp.net/},
year={2003}
}
